@article{ashburner1998identifying,
  title={Identifying global anatomical differences: deformation-based morphometry},
  author={Ashburner, John and Hutton, Chloe and Frackowiak, Richard and Johnsrude, Ingrid and Price, Cathy and Friston, Karl and others},
  journal={Human brain mapping},
  volume={6},
  number={5-6},
  pages={348--357},
  year={1998}
}

@article{ashburner2000voxel,
  title={Voxel-based morphometry—the methods},
  author={Ashburner, John and Friston, Karl J},
  journal={Neuroimage},
  volume={11},
  number={6},
  pages={805--821},
  year={2000},
  publisher={Elsevier}
}

@article{bookstein2001voxel,
  title={“Voxel-based morphometry” should not be used with imperfectly registered images},
  author={Bookstein, Fred L},
  journal={Neuroimage},
  volume={14},
  number={6},
  pages={1454--1462},
  year={2001},
  publisher={Elsevier}
}

@article{davatzikos2004voxel,
  title={Why voxel-based morphometric analysis should be used with great caution when characterizing group differences},
  author={Davatzikos, Christos},
  journal={Neuroimage},
  volume={23},
  number={1},
  pages={17--20},
  year={2004},
  publisher={Elsevier}
}

@inproceedings{cuturi2013sinkhorn,
  title={Sinkhorn distances: Lightspeed computation of optimal transport},
  author={Cuturi, Marco},
  booktitle={Advances in neural information processing systems},
  pages={2292--2300},
  year={2013}
}

@inproceedings{cuturi2014fast,
  title={Fast computation of Wasserstein barycenters},
  author={Cuturi, Marco and Doucet, Arnaud},
  booktitle={International Conference on Machine Learning},
  pages={685--693},
  year={2014}
}

@article{gaser2001deformation,
  title={Deformation-based morphometry and its relation to conventional volumetry of brain lateral ventricles in MRI},
  author={Gaser, Christian and Nenadic, Igor and Buchsbaum, Bradley R and Hazlett, Erin A and Buchsbaum, Monte S},
  journal={NeuroImage},
  volume={13},
  number={6},
  pages={1140--1145},
  year={2001},
  publisher={Elsevier}
}

@article{gerber2017multiscale,
  title={Multiscale Strategies for Computing Optimal Transport},
  author={Gerber, Samuel and Maggioni, Mauro},
  journal={Journal of Machine Learning Research},
  volume={18},
  number={72},
  pages={1--32},
  year={2017}
}

@inproceedings{gramfort2015fast,
  title={Fast optimal transport averaging of neuroimaging data},
  author={Gramfort, Alexandre and Peyr{\'e}, Gabriel and Cuturi, Marco},
  booktitle={International Conference on Information Processing in Medical Imaging},
  pages={261--272},
  year={2015},
  organization={Springer}
}

@article{grinberg2011brainstem,
  title={Brainstem: neglected locus in neurodegenerative diseases},
  author={Grinberg, Lea T and Rueb, Udo and Heinsen, Helmut},
  journal={Frontiers in neurology},
  volume={2},
  pages={42},
  year={2011},
  publisher={Frontiers}
}

@article{jones2005effect,
  title={The effect of filter size on VBM analyses of DT-MRI data},
  author={Jones, Derek K and Symms, Mark R and Cercignani, Mara and Howard, Robert J},
  journal={Neuroimage},
  volume={26},
  number={2},
  pages={546--554},
  year={2005},
  publisher={Elsevier}
}

@article{lao2004morphological,
  title={Morphological classification of brains via high-dimensional shape transformations and machine learning methods},
  author={Lao, Zhiqiang and Shen, Dinggang and Xue, Zhong and Karacali, Bilge and Resnick, Susan M and Davatzikos, Christos},
  journal={Neuroimage},
  volume={21},
  number={1},
  pages={46--57},
  year={2004},
  publisher={Elsevier}
}

@article{marcus2010open,
  title={Open access series of imaging studies: longitudinal MRI data in nondemented and demented older adults},
  author={Marcus, Daniel S and Fotenos, Anthony F and Csernansky, John G and Morris, John C and Buckner, Randy L},
  journal={Journal of cognitive neuroscience},
  volume={22},
  number={12},
  pages={2677--2684},
  year={2010},
  publisher={MIT Press}
}

@article{quach2014early,
  title={Early-onset dementias: Specific etiologies and contribution of MRI},
  author={Quach, C and Hommet, C and Mondon, K and Lauvin, MA and Cazals, X and Cottier, JP},
  journal={Diagnostic and interventional imaging},
  volume={95},
  number={4},
  pages={377--398},
  year={2014},
  publisher={Elsevier}
}

@article{rolet2018blind,
  title={Blind Source Separation with Optimal Transport Non-negative Matrix Factorization},
  author={Rolet, Antoine and Seguy, Vivien and Blondel, Mathieu and Sawada, Hiroshi},
  journal={arXiv preprint arXiv:1802.05429},
  year={2018}
}


